<record><leader>00000cas a22000007a 4500</leader><controlfield tag="001">16113785</controlfield><controlfield tag="008">870630d19351942iauwr ne      0    0eng d</controlfield><datafield ind1=" " ind2=" " tag="010"><subfield code="a">sn 87057032 </subfield></datafield><datafield ind1=" " ind2=" " tag="040"><subfield code="a">INP</subfield><subfield code="b">eng</subfield><subfield code="c">INP</subfield><subfield code="d">OCLCQ</subfield></datafield><datafield ind1=" " ind2=" " tag="042"><subfield code="a">msc</subfield></datafield><datafield ind1="0" ind2="4" tag="245"><subfield code="a">The Perry press.</subfield></datafield><datafield ind1=" " ind2=" " tag="260"><subfield code="a">Perry, Iowa :</subfield><subfield code="b">H.T. Green,</subfield><subfield code="c">1935-</subfield></datafield><datafield ind1=" " ind2=" " tag="300"><subfield code="a">v.</subfield></datafield><datafield ind1=" " ind2=" " tag="310"><subfield code="a">Weekly</subfield></datafield><datafield ind1="0" ind2=" " tag="362"><subfield code="a">Vol. 48, no. 24 (July 11, 1935)-v. 48, no. 25 (July 18, 1935) ; v. 1, no. 3 (July 25, 1935)-</subfield></datafield><datafield ind1="1" ind2=" " tag="362"><subfield code="a">Ceased in Apr. 1942.</subfield></datafield><datafield ind1=" " ind2=" " tag="752"><subfield code="a">United States</subfield><subfield code="b">Iowa</subfield><subfield code="c">Dallas</subfield><subfield code="d">Perry.</subfield></datafield><datafield ind1="0" ind2="0" tag="780"><subfield code="t">Journal-press (Perry, Iowa)</subfield></datafield><datafield ind1="0" ind2="4" tag="785"><subfield code="t">Chief-advertiser</subfield><subfield code="w">(DLC)sn 87057043</subfield></datafield></record>